<?xml version="1.0" encoding="UTF-8"?><collection xmlns="http://www.loc.gov/MARC21/slim"><record><leader>00618nam--2200181-i-4500</leader><controlfield tag="001">000044271</controlfield><controlfield tag="002">20161230</controlfield><controlfield tag="005">20170210153811</controlfield><controlfield tag="008">060222s1000------------r-----000-0-eng-d</controlfield><datafield ind1=" " ind2=" " tag="040"><subfield code="a">IFIN-HH</subfield></datafield><datafield ind1=" " ind2=" " tag="080"><subfield code="a">539.18</subfield></datafield><datafield ind1="1" ind2=" " tag="110"><subfield code="a">Centre National De La Recherche Scientifique</subfield></datafield><datafield ind1="1" ind2="0" tag="245"><subfield code="a">La theorie de la structure atomique</subfield><subfield code="b">Gif-Sur-Yvette, 8-11 juillet 1970</subfield></datafield><datafield ind1=" " ind2=" " tag="260"><subfield code="a">Paris</subfield><subfield code="b">Editions Du Centre National De La Recherche Scientifique</subfield><subfield code="c">1971</subfield></datafield><datafield ind1=" " ind2=" " tag="300"><subfield code="a">239 p</subfield></datafield><datafield ind1=" " ind2=" " tag="490"><subfield code="a">Colloques Internationaux Du Centre National De La Recherche Scientifique</subfield><subfield code="v">No. 194</subfield></datafield><datafield ind1=" " ind2=" " tag="852"><subfield code="a">35064</subfield><subfield code="c">539.14</subfield></datafield><datafield ind1=" " ind2=" " tag="CAT"><subfield code="a">SYS</subfield><subfield code="c">20170210</subfield><subfield code="h">153811</subfield></datafield></record></collection>